@ARTICLE {haykin,
    author  = {S. Haykin},
    title   = {"Cognitive Radio: Brain-empowered wireless communications"},
    journal = {IEEE J. Select. Areas Commun.},
    year    = {2005},
    volume  = {23},
    pages   = {201-220},
    month   = {Feb.}
}

@ARTICLE {doyle,
    author  = {Linda E. Doyle},
    title   = {"Essentials of Cognitive Radio"},
    journal = {Cambridge Wireless Essentials Series, Cambridge University Press},
    year    = {2009}
}

@ARTICLE {fcc1,
    author  = {Federal Communications Commission},
    title   = {"FCC. Spectrum Policy Task Force Report"},
    journal = {Tech. Rep. 02-135},
    year    = {2002},
    url 	= {http://hraunfoss.fcc.gov/edocs\_public/attachmatch/DOC-228542A1.pdf}
 }
 
 @ARTICLE {kolodzy,
    author  = {P. Kolodzy},
    title   = {"Next Generation Communications: Kickoff Meeting"},
    journal = {Proc. DARPA},
    year    = {2001},
    month   = {Oct.}
}

@ARTICLE {mitola,
    author  = {J. I. Mitola, and G. Q. J. Maguire},
    title   = {"Cognitive Radio: Making Software Radios more personal"},
    journal = {IEEE Personal Commun. Mag.},
    year    = {1999},
    volume  = {6},
    number  = {4},
    pages   = {13-18},
    month   = {Aug.}
}

@ARTICLE {fcc2,
    author  = {Federal Communications Commission},
    title   = {"Notice of proposed rule making and order: Facilitating oppurtunities for flexible, efficient and reliable spectrum use employing cognitive radio technologies"},
    journal = {ET Docket No. 03-108},
    year    = {2005},
    month 	= {Feb.}
 }
 
@ARTICLE {mehta,
    author = {H. Mehta},
    title  = {"Recent Advances in Cognitive Radios"},
    url    = {http://www.cse.wustl.edu/jain/cse574-14/ftp/cr.pdf}
}

@ARTICLE {moghaddam,
	author = {S. S. Moghaddadm and M. Kamarzarrin},
	title  = {"A Comparative Study on the Two Popular Cognitive Radio Spectrum Sensing Methods: Matched Filter Versus Energy Detector"},
	journal = {American Journal of Mobile Systems, Applications and Services},
	volume = {1},
	number = {2},
	year = {2015},
	pages = {132-139},
	month = {Sep.}
	}

@ARTICLE {srinivasa,
    author  = {S. Srinivasa, and S. A. Jafar},
    title   = {"The Throughput Potential of Cognitive Radio: A Theoretical Perspective"},
    journal = {University of California, Irvine},
    year    = {2007},
    month   = {May}
}

@ARTICLE {axell,
    author  = {E. Axell, G. Leus, E. G. Larsson, and H. V. Poor},
    title   = {"Spectrum Sensing for Cognitive Radio - State of the art and recent advances"},
    journal = {IEEE Signal Processing Magazine},
    year    = {2012},
    month   = {May}
}

@ARTICLE {ycek,
    author  = {T. Ycek, and H. Arslan},
    title   = {"A survey of spectrum sensing algorithms for cognitive radio applications"},
    journal = {IEEE Commun. Surveys Tuts.},
    year    = {2009},
    volume  = {11},
    number  = {1},
    pages   = {116-130},
    month   = {Mar.}
}

@ARTICLE {larsson,
    author  = {E. G. Larsson, and M. Skoglund},
    title   = {"Cognitive radio in a frequency-planned environment: Some basic limits"},
    journal = {IEEE Trans. Wireless Commun.},
    year    = {2008},
    volume  = {7},
    pages   = {4800-4806},
    month   = {Dec.}
}

@ARTICLE {drozd,
    author  = {A. L. Drozd, I. P. Kasperovich, C. E. Carroll, and A. C. Blackburn},
    title   = {"Computational electromagnetics applied to analyzing the efficient utilization of the RF transmission hyperspace"},
    journal = {Proc. IEEE/ACES Int. Conf. on the Wireless Communications and Applied Computational Electromagnetics, Honolulu, Hawaii, USA},
    year    = {2005},
    pages   = {1077-1085},
    month   = {Apr.}
}

@ARTICLE {geirhofer,
    author  = {S. Geirhofer, L. Tong, and B. Sadler},
    title   = {"Dynamic spectrum access in the time domain: Modeling and exploiting white space"},
    journal = {IEEE Commun. Mag.},
    year    = {2007},
    volume  = {45},
    number  = {5},
    pages   = {66-72},
    month   = {May}
}

@ARTICLE{husseini,
author = {M. Al-Husseini, K. Y. Kabalan, A. El-Hajj, and C. G. Christodoulou},
year = {2013},
month = {03},
pages = {337-362},
title = {"Reconfigurable Microstrip Antennas for Cognitive Radio"},
journal = {Advancement in Microstrip Antennas with Recent Applications}
}